<record><leader>00000cas a22000007a 4500</leader><controlfield tag="001">11635225</controlfield><controlfield tag="008">850130c18579999wiuwr n       0   a0eng d</controlfield><datafield ind1=" " ind2=" " tag="010"><subfield code="a">sn 85008075 </subfield></datafield><datafield ind1=" " ind2=" " tag="040"><subfield code="a">NSD</subfield><subfield code="b">eng</subfield><subfield code="c">NSD</subfield><subfield code="d">NPV</subfield><subfield code="d">OCL</subfield><subfield code="d">OCLCQ</subfield><subfield code="d">UKMGB</subfield><subfield code="d">OCLCQ</subfield></datafield><datafield ind1=" " ind2=" " tag="012"><subfield code="m">x</subfield></datafield><datafield ind1="7" ind2=" " tag="016"><subfield code="a">013914840</subfield><subfield code="2">Uk</subfield></datafield><datafield ind1=" " ind2=" " tag="019"><subfield code="a">11850054</subfield></datafield><datafield ind1="1" ind2=" " tag="022"><subfield code="a">8755-0512</subfield><subfield code="l">8755-0512</subfield><subfield code="2">1</subfield></datafield><datafield ind1=" " ind2=" " tag="032"><subfield code="a">683300</subfield><subfield code="b">usps</subfield></datafield><datafield ind1=" " ind2=" " tag="037"><subfield code="b">Coe Printers and Publishers, 101 W. Whitewater St., Whitewater, WI 53190</subfield></datafield><datafield ind1=" " ind2=" " tag="042"><subfield code="a">nsdp</subfield></datafield><datafield ind1=" " ind2=" " tag="045"><subfield code="a">w5--</subfield></datafield><datafield ind1=" " ind2=" " tag="052"><subfield code="a">4123</subfield><subfield code="b">W2</subfield><subfield code="b">J4</subfield><subfield code="b">R6</subfield></datafield><datafield ind1=" " ind2="4" tag="222"><subfield code="a">The Whitewater register</subfield></datafield><datafield ind1="0" ind2="0" tag="245"><subfield code="a">Whitewater register.</subfield></datafield><datafield ind1=" " ind2=" " tag="260"><subfield code="a">Whitewater, Wis. :</subfield><subfield code="b">H.L. &amp; L.H. Rann,</subfield><subfield code="c">1857-</subfield></datafield><datafield ind1=" " ind2=" " tag="310"><subfield code="a">Weekly</subfield></datafield><datafield ind1=" " ind2=" " tag="321"><subfield code="a">Weekly,</subfield><subfield code="b">Mar. 25, 1857-Dec. 31, 1903</subfield></datafield><datafield ind1=" " ind2=" " tag="321"><subfield code="a">Semiweekly,</subfield><subfield code="b">Jan. 8, 1904-Jan. 12, 1906</subfield></datafield><datafield ind1="0" ind2=" " tag="362"><subfield code="a">Vol. 1, no. 1 (Mar. 25, 1857)-</subfield></datafield><datafield ind1=" " ind2=" " tag="500"><subfield code="a">Publisher varies.</subfield></datafield><datafield ind1=" " ind2=" " tag="500"><subfield code="a">"Official paper for city of Whitewater, towns of Whitewater, Cold Spring, LaGrange, Richmond, Lima and Johnstown."</subfield></datafield><datafield ind1=" " ind2=" " tag="500"><subfield code="a">Editors: H.L. &amp; L.H. Rann, March 25, 1857-Jan. 2, 1858; H.L. Rann, Jan. 9, 1858-Feb. 4, 1860; H.L. &amp; L.H. Rann, March 24, 1860-Nov. 1, 1861; E.G. Benjamin, &lt;Jan. 25&gt;-Oct. 25, 1871; E.D. Coe, Nov. 1, 1871-Dec. 29, 1887; E.D. Coe, March 12, 1891-Nov. 11, 1897; R.K. Coe, Jan. 19, 1904-July 17, 1952; C.B. Coe, Aug. 28, 1958-Aug. 19, 1982; C.T. Coe, Aug. 1982-</subfield></datafield><datafield ind1=" " ind2=" " tag="515"><subfield code="a">Numbering of semiweekly issues distinguished by A and B alternatively.</subfield></datafield><datafield ind1=" " ind2=" " tag="515"><subfield code="a">Adds whole numbering with: &lt;vol. 14, no. 43 (Jan. 25, 1871)&gt;- =whole no. 719-</subfield></datafield><datafield ind1=" " ind2=" " tag="525"><subfield code="a">Supplements accompany some issues.</subfield></datafield><datafield ind1=" " ind2=" " tag="752"><subfield code="a">United States</subfield><subfield code="b">Wisconsin</subfield><subfield code="c">Walworth</subfield><subfield code="b">Whitewater.</subfield></datafield><datafield ind1=" " ind2=" " tag="752"><subfield code="a">United States</subfield><subfield code="b">Wisconsin</subfield><subfield code="c">Jefferson</subfield><subfield code="b">Whitewater.</subfield></datafield><datafield ind1=" " ind2=" " tag="752"><subfield code="a">United States</subfield><subfield code="b">Wisconsin</subfield><subfield code="c">Jefferson</subfield><subfield code="b">Cold Spring.</subfield></datafield><datafield ind1=" " ind2=" " tag="752"><subfield code="a">United States</subfield><subfield code="b">Wisconsin</subfield><subfield code="c">Walworth</subfield><subfield code="b">LaGrange.</subfield></datafield><datafield ind1=" " ind2=" " tag="752"><subfield code="a">United States</subfield><subfield code="b">Wisconsin</subfield><subfield code="c">Walworth</subfield><subfield code="b">Richmond.</subfield></datafield><datafield ind1=" " ind2=" " tag="752"><subfield code="a">United States</subfield><subfield code="b">Wisconsin</subfield><subfield code="c">Rock</subfield><subfield code="b">Lima.</subfield></datafield><datafield ind1=" " ind2=" " tag="752"><subfield code="a">United States</subfield><subfield code="b">Wisconsin</subfield><subfield code="c">Rock</subfield><subfield code="b">Lima Center.</subfield></datafield><datafield ind1=" " ind2=" " tag="752"><subfield code="a">United States</subfield><subfield code="b">Wisconsin</subfield><subfield code="c">Rock</subfield><subfield code="b">Johnstown.</subfield></datafield><datafield ind1=" " ind2=" " tag="752"><subfield code="a">United States</subfield><subfield code="b">Wisconsin</subfield><subfield code="c">Rock</subfield><subfield code="b">Johnstown Center.</subfield></datafield><datafield ind1="0" ind2="5" tag="780"><subfield code="t">Whitewater gazette</subfield><subfield code="w">(DLC)sn 85040794</subfield></datafield><datafield ind1="1" ind2=" " tag="029"><subfield code="a">AU@</subfield><subfield code="b">000025829309</subfield></datafield></record>